%% This BibTeX bibliography file was created using BibDesk.
%% http://bibdesk.sourceforge.net/


%% Created for Pascal Grosset at 2010-07-31 21:07:03 -0600 


%% Saved with string encoding Unicode (UTF-8) 





@article{boman2005,
	Author = {Boman, Erik G Bozda, Doruk Catalyurek, Umit Gebremedhin, Assefaw H. Manne, Fredrik},
	Date-Added = {2010-07-31 16:19:53 -0600},
	Date-Modified = {2010-07-31 16:20:22 -0600},
	Title = {A Scalable Parallel Graph Coloring Algorithm for Distributed Memory Computers},
	Year = {2005}}

@article{bozdag2008a,
	Author = {Bozdag, D Gebremedhin, A Manne, F Boman, E Catalyurek},
	Date-Added = {2010-07-31 16:12:51 -0600},
	Date-Modified = {2010-07-31 21:07:01 -0600},
	Journal = {Journal of Parallel and Distributed Computing},
	Number = {4},
	Pages = {515-535},
	Title = {A framework for scalable greedy coloring on distributed-memory parallel computers},
	Volume = {68},
	Year = {2008}}

@article{al2006new,
	Author = {Al-Omari, H. and Sabri, K.E.},
	Journal = {Am. J. Math. \& Stat},
	Number = {4},
	Pages = {739--741},
	Title = {{New graph coloring algorithms}},
	Volume = {2},
	Year = {2006}}

@article{klotz2002graph,
	Author = {Klotz, W.},
	Journal = {Mathematikbericht, TU Clausthal},
	Pages = {1--9},
	Title = {{Graph coloring algorithms}},
	Volume = {5},
	Year = {2002}}

@article{zuckerman07,
	Author = {David Zuckerman},
	Doi = {10.4086/toc.2007.v003a006},
	Eprint = {toc:v003/a006},
	Journal = {Theory of Computing},
	Number = {1},
	Pages = {103-128},
	Publisher = {Theory of Computing},
	Title = {Linear Degree Extractors and the Inapproximability of Max Clique and Chromatic Number},
	Url = {http://www.theoryofcomputing.org/articles/v003a006},
	Volume = {3},
	Year = {2007},
	Bdsk-Url-1 = {http://www.theoryofcomputing.org/articles/v003a006},
	Bdsk-Url-2 = {http://dx.doi.org/10.4086/toc.2007.v003a006}}

@url{uofMatrix,
	Date-Added = {2010-07-31 16:33:57 -0600},
	Date-Modified = {2010-07-31 16:35:30 -0600},
	Keywords = {31 July 2010},
	Title = {The University of Florida Sparse Matrix Collection},
	Url = {http://www.cise.ufl.edu/research/sparse/matrices/},
	Bdsk-Url-1 = {http://www.cise.ufl.edu/research/sparse/matrices/}}

@article{gebremedhin1999parallel,
	Author = {Gebremedhin, A.H.},
	Publisher = {Citeseer},
	Title = {{Parallel Graph Coloring}},
	Year = {1999}}

@article{allwright1995comparison,
	Author = {Allwright, JR and Bordawekar, R. and Coddington, PD and Dincer, K. and Martin, CL},
	Publisher = {Citeseer},
	Title = {{A comparison of parallel graph coloring algorithms}},
	Year = {1995}}

@conference{luby1985simple,
	Author = {Luby, M.},
	Booktitle = {Proceedings of the seventeenth annual ACM symposium on Theory of computing},
	Organization = {ACM},
	Pages = {1--10},
	Title = {{A simple parallel algorithm for the maximal independent set problem}},
	Year = {1985}}

@article{jones1993parallel,
	Author = {Jones, M.T. and Plassmann, P.E.},
	Journal = {SIAM Journal on Scientific Computing},
	Pages = {654},
	Title = {{A parallel graph coloring heuristic}},
	Volume = {14},
	Year = {1993}}

@article{gjertsen1996parallel,
	Author = {Gjertsen Jr, R.K. and Jones, M.T. and Plassmann, P.E.},
	Journal = {Journal of Parallel and Distributed Computing},
	Number = {2},
	Pages = {171--186},
	Publisher = {Citeseer},
	Title = {{Parallel heuristics for improved, balanced graph colorings}},
	Volume = {37},
	Year = {1996}}

@article{gebremedhin2000scalable,
	Author = {Gebremedhin, A.H. and Manne, F.},
	Journal = {Concurrency: Practice and Experience},
	Number = {12},
	Pages = {1131--1146},
	Publisher = {John Wiley \& Sons},
	Title = {{Scalable parallel graph coloring algorithms}},
	Volume = {12},
	Year = {2000}}

@conference{gebremedhin2006speeding,
	Author = {Gebremedhin, A. and Manne, F. and Woods, T.},
	Booktitle = {Applied Parallel Computing},
	Date-Modified = {2010-07-31 16:10:28 -0600},
	Organization = {Springer},
	Pages = {1079--1088},
	Title = {{Speeding up parallel graph coloring}},
	Year = {2004},
	Bdsk-File-1 = {YnBsaXN0MDDUAQIDBAUIJidUJHRvcFgkb2JqZWN0c1gkdmVyc2lvblkkYXJjaGl2ZXLRBgdUcm9vdIABqAkKFRYXGyIjVSRudWxs0wsMDQ4RFFpOUy5vYmplY3RzV05TLmtleXNWJGNsYXNzog8QgASABqISE4ACgAOAB1lhbGlhc0RhdGFccmVsYXRpdmVQYXRo0hgNGRpXTlMuZGF0YU8RAsAAAAAAAsAAAgAADE1hY2ludG9zaCBIRAAAAAAAAAAAAAAAAAAAAMarJ5ZIKwAAACCB0x9HZWJyZW1lZGhpbiwgTWFubmUsICMyMDgyMEIucGRmAAAAAAAAAAAAAAAAAAAAAAAAAAAAAAAAAAAAAAAAAAAAIIILx78fFwAAAAAAAAAAAAQABQAACSAAAAAAAAAAAAAAAAAAAAAKRG93bmxvYWRlZAAQAAgAAMare/YAAAARAAgAAMe/gYcAAAABABgAIIHTACB/owAH+UkAB/k2AAf5NQAAkOcAAgB4TWFjaW50b3NoIEhEOlVzZXJzOnBhc2NhbGdyb3NzZXQ6TGlicmFyeTpBcHBsaWNhdGlvbiBTdXBwb3J0Ok1lbmRlbGV5IERlc2t0b3A6RG93bmxvYWRlZDpHZWJyZW1lZGhpbiwgTWFubmUsICMyMDgyMEIucGRmAA4AnABNAEcAZQBiAHIAZQBtAGUAZABoAGkAbgAsACAATQBhAG4AbgBlACwAIABXAG8AbwBkAHMAIAAtACAAVQBuAGsAbgBvAHcAbgAgAC0AIABTAHAAZQBlAGQAaQBuAGcAIAB1AHAAIABQAGEAcgBhAGwAbABlAGwAIABHAHIAYQBwAGgAIABDAG8AbABvAHIAaQBuAGcALgBwAGQAZgAPABoADABNAGEAYwBpAG4AdABvAHMAaAAgAEgARAASAJlVc2Vycy9wYXNjYWxncm9zc2V0L0xpYnJhcnkvQXBwbGljYXRpb24gU3VwcG9ydC9NZW5kZWxleSBEZXNrdG9wL0Rvd25sb2FkZWQvR2VicmVtZWRoaW4sIE1hbm5lLCBXb29kcyAtIFVua25vd24gLSBTcGVlZGluZyB1cCBQYXJhbGxlbCBHcmFwaCBDb2xvcmluZy5wZGYAABMAAS8AABUAAgAU//8AAIAF0hwdHh9YJGNsYXNzZXNaJGNsYXNzbmFtZaMfICFdTlNNdXRhYmxlRGF0YVZOU0RhdGFYTlNPYmplY3RfEJEuLi8uLi8uLi8uLi9MaWJyYXJ5L0FwcGxpY2F0aW9uIFN1cHBvcnQvTWVuZGVsZXkgRGVza3RvcC9Eb3dubG9hZGVkL0dlYnJlbWVkaGluLCBNYW5uZSwgV29vZHMgLSBVbmtub3duIC0gU3BlZWRpbmcgdXAgUGFyYWxsZWwgR3JhcGggQ29sb3JpbmcucGRm0hwdJCWiJSFcTlNEaWN0aW9uYXJ5EgABhqBfEA9OU0tleWVkQXJjaGl2ZXIACAARABYAHwAoADIANQA6ADwARQBLAFIAXQBlAGwAbwBxAHMAdgB4AHoAfACGAJMAmACgA2QDZgNrA3QDfwODA5EDmAOhBDUEOgQ9BEoETwAAAAAAAAIBAAAAAAAAACgAAAAAAAAAAAAAAAAAAARh}}
